01192098F6773D478A020CE4F731D465ACC:4
0163E0B5878DEFCB2FD5E7D02350D4F0E34:1
01665A60690B4964FCC00A923D9EE67439E:1
01C9813FF1890A456E47B0E2D65251297D7:2
01F4C0CC4A0DEAC5CDF7B8E4F02382A1AA6:3
0210E299DFA8D7CB61372DD80D227D7631D:2
0222A39A5D4413870E3DF8546AB9EE7163C:1
023423A473B7AAD80F5C44367F8748C6DB7:1
023852FCC5CAAD74E79383976098DEC1A3B:1
02D73484F1F518A8760A730F16AF4146BA3:6
02E50676666E7FC8D89756DF6E41E5A13B1:1
03136250FED5F07F1FB8D0CE9C6D46D424B:7
034481594E08C0223D8D832715A10F1A93F:1
03600733F9E30631DF9AD92F428155718D1:1
036B13DC49406EDE1C0C81DF24EFE47C583:1
038596D476F99815D6A5C2AE5A3B3E72253:40
046293509A2FB24C29B7C8D419BA369DE98:1
04780F19421E9BCE36DFCF9B01D54501343:1
04DDF317D6AC3A7BA72CADBFC151ED8CB9E:1
05036BB498589BD50C569F2B0E4431AF67C:1
057B48390012A24037027F45920B718A80C:2
05DE6F9C0145AA84E80218D38A50B9BE723:1
06BDA67A729DCCFD836C44382592D5FDC6E:1
082D14715EA038A5F99BDA48DBCBE76B1BD:6
08445BEA943EE38DFBD41C7C1BBD42E3EA0:3
0856658A0072B970968DEC43391BE7E2CBB:2
087EDD7BE0CF7561096E8918841222A4123:4
0886B664444127C9292E1A2BF698C23EE9B:1
088BD0E4B5C7768220D3301C201F1CFAF6F:4
08C878994CA94F93B4CD063E8303FBC93DF:2
08E52A4E60657C8236E44355A170F5F1B6A:4
0913CC44327C5618215CFAD41C8D9FA902A:2
0954895CF4D910434D6643B2541C5783CFC:12
098853FC61B076C52F0CE81C84B6FD5C5BE:1
0AAE6B8C50BFC8B48E1C3C0D658EB66AF50:2
0AC015C2825F2F7CE31698DA8935F4AB243:2
0B76DD6E60F3DCB0E717C4FE69DE77EB55A:1
0BFA9780A4AAE26967570369CABE7A09EEB:1
0C3CD68F0B5C170A1D71805C6D86C613CF6:8
0C60A5F63638967A8D3D9026E4EA2965C1F:3
0C61B3B6714127E9B38A4CCA37BC9E82EB9:3
0CA1156A78202AF98A205B0583A2BC30E6E:3
0CAFE76A096E217A9E5969AA816417C885C:1
0D439D0A9B7E94CE2AEDAF6D95805AED1ED:7
0DF48C2EDA718666323CD15A4952B8B44A6:3
0E43A061FCE12D1CD931559E0608E06677D:1
0E9DB2885953E859055F6D7690D2FF44F7E:2
0EC004472F8E9DC80F5F87F7472370E0874:1
0F14CB9EB7E25EA263A66881AC78CE7656D:4
0F7C40B31899E6435CFD9086145120FDFB1:1
0FA5926C1D548DAEB98DAB8AF83B25B38E3:5
103A06BD15E61C8BB17F16758E38A3C828C:2
1043E87D3035A6EF3DD33FF4B4A0B9B0FEF:1
10A7E56DBB4DFED56A02BF5EDA5E7ED17C5:2
10FFBDB80A82B9E2A785A5F64BA2FDA8346:1
11C7DB32021370C0E62B258923C2D332767:3
11D5BC83FC278BAD77A87106203F0D795F9:4
124621A7F8CCCE46FC249D649D69C18DB6F:1
12E97ADAA2B4F84AAFE5F03CCF3098FEC96:1
1344D59139AE9B9651069EA5CF3BFA8E7A1:3
13CAC2F669B2772F2383CDE28006D79480D:17
14837EC8053EF9876103C0D12BE875921B6:3
165C48C479E5601FAE47A1E7546872916A4:1
1715B1CF12D0F57B1D08CDDE509DCCD19D4:1
173D07CC2CA295392EDD9C65FC372B2B0F3:1
17887E6C506BF425420853134D8E50A8479:1
1821EBEEC0B1CAA137596D19084FEE52948:1
1842DEEB6BD489C98ABC93A1757AA7B85C8:9
1915CFB15D0369D9316E27394691784CDAF:1
1943F1F943CE191FA6D3EE07772E8847E36:1
194AB54A746B94DB223DF700AB3BDB70BD4:20
1A2ED9B6E4AA3562FA442D591E97A647E7B:6
1A6BA672BF26FED96F02EFFFDA5148710E9:6
1AB03E5EAF314DD2FD022584FFDC4DAE6B3:2
1AC29518CCADDB69CFCAC0CE9021BA293F2:3
1B3A0203883FA7CCF500BA8730CE465A90A:3
1C1D00840E542A8B7A30D2946DC9A4DCDB8:7
1C825124CC0AE3E6C67F3A83EEB545321DC:3
1CB532AD2F0626DB08C5C9A9FD70F4E2F6A:1
1CCF045FAFF5565F6051B615E0844D4004E:10
1DBBC14528C7E09F7D294DDA3CF12FB0049:3
1DFED939B1F54838A6F3420020516C223D8:1
1EBEEEBF3708A5A944CAA7C736B7968A5F7:1
1F07EE335CE78DFECC8F4D5546F0CD31F51:3
2001F44243EC9B74942367E6E18B7253D2F:1
20BF85E0243EAF5E93763DF1287E34641D0:1
20FBFD6DD1536EB9BB0D565EAD16AC7793E:6
214B3F26C7C6380EFB060CD771C74027698:1
21936BDE93E84D2D4A310EAB5BD5B43D523:1
21A70384BFAA1032C3A44569D638208C57A:3
2201B01C6B8E5126DF0AB676E0E924D68D8:1
220558D42C6CB3165468D316D8F45628A41:1
22903B4C6B82711B2526E35DA2D4A257190:1
22AE3A5EAC5B72776EBF9E425C65F8AE934:1
22B6331E6B6AD842F076902710D0E858F47:9
24369B8BBB8BAC52624AB36EC5256F8F666:1
2457A371A00AB6243DDF88001F583D5108D:4
24924B927D0BB3747BA67A079C1171466E4:1
24AAEA8B3D70E33064065643DBF3AF65725:2
24CEA996F0D0249453DBC52BF9443C4A520:1
24FB059B12E70D90E1C112366B3FC51AD48:2
255052E9EE1B93E33EB625EFD57449EF2D3:29
25899074FE5B6D4BAE0741FB541528524CD:4
25DC2782CBAAD1CD24F590EBED95D4E17FB:3
25F468DC4EA3A1B41A01179F3F23EA792ED:1
26B54473F3AA1890E34C280E4B16125925B:1
26E9059BD8D06838B0580DF62B2C1209929:2
26EC0ED9D8C5CDE85003B72BA28909933FF:165
2719BD253DE82DD5EA2797AD3EC950FECDE:7
292A9B0DC50CF666628D6CC5FF7A46C7E43:8
29606FEC489855B1390A2077B00C134A0DE:31
2986072DF7ACFAE72C23F95024977B4D8D9:1
2993FEBCE527192EDA5F7E4594767B01897:1
29A027625B4BC0F952CD15F08CBB599FC92:2
29B20BB44404D966079F79666A066F91519:2
2A184CCB182A729E3112D88F9FA8A0CC849:6
2A2019C5CEB45F6073A7E5E929FF334E5A8:1
2A902B6B1955F0695F1B04B600FD4A3C00B:4
2AE2ED4DF56A8CD65928070F0FBD9C7D9BF:1
2B2A2E6F59FB0C7FC7F2B73FD3B503153D4:2
2BA20361FCECB3ED17B155C149528FB08E5:1
2BFD419752365A157F52E382D5FCAECA70C:1
2CDE5BA39AD1156E94225B9A282EFBA122B:6
2E4D10F4239A82972C7AC91CDB482CDA11B:1
2E7B524FA2082D9B78826DEAD8D217F8529:1
2EFAF873088262F83BA49A79971A2138D6E:2
2EFC82BA518DB381DC9576BCF254E551B84:6
2F46D71F50DB7FEB4041B31268B077816DA:3
308F6B2E7149410483F3D1E99F7B6D775F2:38
31173C7132C7FAB425E812C6C6F1714BA70:2
313EF0B87B1A1A6A230A50D30AD8C0AD1B2:19
31AF5E64E8D14E53623B05A2DD3D2687611:1
32077F4793F17F49CB152641A282B3EA6B0:13
321B7C4977F71B16F43806F6DAE44146EE5:3
325F40A4AE92F0A8CB877C1B38153C3CBEC:5
32799AE81CB04A4C71E495FB54F990F9247:2
32E54781EB478EFC937812A149CD5DBF422:2
33CC8CC9D569230DE4BAB0F7CF4729EED83:1
33FFD99B8D6AA1E3D8D92AF5E0E954B2834:4
3443A879F0741DC9EB08EE9D2415592BAAB:1
347DD651E2E4685C5A489D7015CC822D5B1:105
34BD13F3143AD3B30BF44F59AB25E82022B:1
3532719ABC0D2578930F28FCAFF64D77404:1
362213A66A41B546FF4298464443A019687:1
363F1AC5B11CCBB4BAE2C4C5A8836D856B1:1
3708A126098DEE4601421D9CEFCE16B9750:1
373431533503470027E7695EA1B0B097EA6:4
374504814CCFA7D2A09A8BB6290197FFCBF:6
382FC91898BA8BB040CA9C58F7B7B7D42CB:1
384BA5580923F264175BC93ABABFE0E8DDF:2
38BF1C4FEC9BCA23E1F9F3B9076F30156B3:297
39075D3446729157807E6FB9E1A5A7700F2:1
39563BF18B84EE3BD9F1F6CA790A1457FCC:3
39B35182152A4C55D38C1C095B98C8CDF25:1
39D0F426490D0A3D86FD3C5F1DBD3C81BB4:3
39D9693120E9FD9B132BEC6C1B1D3DF69AA:3
3A0317595A7A2F78529696F3AC0F6AF9716:1
3AA79888C9B2DFA2D353573990DB900C1E3:1
3AE5724DAE611858E77A159E5CD93FCC97B:5
3AED274301B2EBCB583C439D544F93C7C4B:3
3B75C40633AC4444023C277212CAA1DCA3B:1
3B822660E0263288576D1B6DDF6E447DF4E:4
3BEB9BAA56AC5B3AA05C910FCCAB540ED42:1
3C0FDFB54F7AC68BC4B56F488CAA8B9B8E0:1
3C5EB2F567327A60B7013E9064C0F2DCD31:1
3C94D88F72104CDEEBE9B55A7409A873CAC:2
3D0541F3166D90AEE571FB2BFB9E6FCAF17:1
3D0A93B18335B143B96366890B3C4093733:7
3DA32FB027244FEECC92D355CA01A828D62:1
3DB369B0CF92F1B35F1F7E9A544821D5DDD:3
3DFC7E817EA9E4C1E129D0FFF8B182DEBD1:2
3E20D156E5264E2960F8E2571CE74D607AA:1
3EDF780B5B8991AC113E526A82977EB0A00:1
3F0E8A5739BF1A0865DD8C5421EBC041CDB:2
401C7949843A8E92AB2EE5C6E8B1A0D31B8:1
40BEE60BE57BAAC8D06DC25DF4B9D071895:1
40C9F5FD21938F73EF22D56F64AEA72679E:1
4132D2DF900BEF7FB69C9901CEFF116A147:7
4150B98E1521F7219C14A0F5BE666D69257:1
4152FDF88F22ECC20D87A11B08F77832E2B:1
4203AE7AD11FBA04C7B113E09D4F4945F47:1
423FFA2AA36D983426CCAA650EB49CE3D45:3
42D88639360079E7C5799E8001AF89A1EA5:1
4313C08AA9E77A62E568E67753571941058:1
43414A2836AB46CD3545828EE1AF6A5D6C0:7
44BC16BAF3AB356A4A37DB1E284CD64C9AF:1
451FC0A2D937D22385EC40BF091959D13AB:1
4552F013FC03D88951726DB6DD9500A6F55:4
459B4850C7131E35F15AD32EB7ACF95DBDE:4
45DF7950063DF543AB3BE499C951AD3BD3D:1
461FAF580C323928A1B934DC4FFA5D9E936:3
46521EDCCDD6D80D60ED13239BABC74DDE7:1
465C201B7279AC1D1B26BEE0C0EF4EB2C53:5
467ABB8A961CA87C733D9134EFF415890EF:1
46A83DD5469B233EFC336B1E4122EB81C36:3
46B9D5F1390C6A5AA1AAD4BF165041D672D:1
474F77BC562A6C3AF22CF7043EEF00B8AB1:12
476990A7A08725FB0911AFE632363909724:1
478DA6053FC60D2355875F2F106027B22E9:3
47A83F303925952E2846760383A175FDEF8:1
47BB6EBBF2D6D5CF458104E0C5547A671DA:4
47E7688258EA726262E0EADED4AEAFB7184:14
47F85BB0D2D8A81A7299B304682BF340775:5
4822677ADF84857529818E52DC7017D07CC:1
4830DD665B628F328EE874E6A2885F8D439:1
483D1FFA327191B7E51187A13446A4C0014:1
488E1410426903A5F7A26292E5389873762:1
48BC66C3C8A2B607125AC1ED45044F8769F:1
48D003FFBEEEE33BA1033C0D6F22B379861:2
48D6363014863B66348DAE59CA4F85DFD06:3
492F5756993BF01B35127C2AE7FC9816F82:2
4A02B2022104ECAC19A778C89FFAE670BF4:2
4A5A3BCB7BB18D6BEC4C605B4D1982B764D:2
4A86E20F4E4EDFDE0C201F9CCF60366D05F:3
4AC82958DB91136C2F5D694B1F0602CECB6:1
4B934FF6E57ACF5D1BD193C247DADAB535B:3
4BB40897810F70721D0672C6F36AE321AC9:1
4C2180D709EEC7ED0DD628A03723FBF8D02:9
4C96942D74BE5C20C9CDB9AB4417BEA3709:1
4E0EEBEC613ACD9D90F0C483A387F66B3C4:1
4E50CBAF2A9F11DB0D42E8CAE047D590A8F:1
4EA653D9CDF320B944EA3E9F5F77F6117C3:2
4EDE816805F6BC4C43B4DC41F026B390180:2
4F1DA2529F92AA1A074676CF0376A1BA7D6:4
4F3DAF080A1EABBCAD89186965B6B97D53E:1
4F8AA0A36787B04C1F996D3B6F2AE6D7275:1
50D54E7377E380E861D42A04B9175991538:2
510AFE68C1A382B4C1B045F126C12F5B6A8:1
51980F6F9ED38BC9E1AEA18BBDB5B999CDB:14
519AD47867D706B36C4B0B9383CCB45312D:3
51DDA4462E272EDBBBB1B2A7D054117BD1C:1
51F97FA47FC71911073B26BD604A81F5BE9:6
525E5D7B31196A5CC5232F3DDC95457C160:4
52605C65996DEE2FE1C0FC2F8D0F512709F:3
527F5893ADD4EA9D9A93858594288470E7A:12
52B47291AB41F344F1EA85E6CA5E188D4C4:1
52DBB3BB9618D8867FE031EF4DE2272A078:8
52DFDBC90E80AACC70E165DEE1F3C49F894:1
536C8D9F3ADFDEA036F44D3196F45BC3600:2
53EBB53F30B8A4C26F3D17EC1BEC5E294E6:2
540DA7DAA849BEA3E3E0E7FFCB061013DD9:2
5466C3C6E5B8D48A78823A4B875ACD05578:2
54A3BA05340B2C3C22B3D82E16779921A9E:4
54C3A971F2B29C95FD481062A1214007707:1
556E1C12E9D11169C9E8BE914E7B8349A7F:2
55922DF1DB2B84ACB1266E071AE96FD8C62:4
55AC614D4678F2F2BDC4505E8DBE6AB07C8:6
56C02F751527A8263B9BC1C3611B485AB24:2
56E757F4B51422C6C3501140F94CC06C094:1
5713FC6FF828B094B2CFF9439A63AE5E2C3:4
571E11054BDEB75622EC71D2EA8A1DFBE3B:1
572301CD68B31C637338955550A5FAC0BE6:1
5788D39E376B8264C682720CD9AC3343FD1:4
57BDB4A57D5BFE5B7998C6929112DB11A15:1
5946FBCBD3D77933C7DA1D6949FB4EF406F:3
5962D2E057C4C0D3A8387A75ED70EEFD13E:1
59ABA1854876586D67D3AD8F97B82426884:2
5A296CD84C4F5BAEC62D9F8D353296D4C10:1
5A36ED12769334886FEE444D04FC426FD3B:1
5A7E208477BB776DF736C26887491F60A1C:2
5AD5AAB7F01AF37D2B2B9469F850523F875:2
5B04412E44E77FC877D58A8696B4B709C96:1
5B3C8B407C27362E5DAADFB63D8CDB4CB96:4
5B693CA198E17B40BB9794917FE9F1EF5D0:4
5BC692E01CA614B74C1E01887B8A44E1765:1
5BCFBEA91056230229FE05B917D3C344ED7:2
5C24C2F3DBA541ED69F3FDD374ACD2DE903:4
5C3D57CAED4A615B5D5AC860E2D7D830917:2
5C6D428CD75BF9B23C6215BB08CA8825390:14
5DD218AB6990E7D0DD7330C953190C7D368:1
5DDED886B255773DA102785519CB69C8488:2
5E3474DB3438DE1527DA965E7A04C9B1920:4
5F47850A1CAB203B923E8E790811488121B:1
5F6D8F5418C0968C13579A1E3445C290752:8
5FE27EC3873D10873C1B8FBD2856FC7B6A2:1
603675BD21B54A504355A82B12607B73EF3:2
603B8761A7E1D3F00AB3C5C4A35BAF58E9D:1
60C6B2D65AF57CA1D457169FD3BA6D532E0:2
60EA0873AB18A917CA6469805D4F69BA2DC:3
6144977D8F1C0F104D09B636A3826F99642:1
6150BD14B441C964686151698B010F39DEE:1
61C09B6C8FDD31B74AC3883A94E520695FD:3
61DD0B52F5AC940BA61CB682E986C45DAA8:1
627F76538D4491C58EBD87D7CC35B66AFF4:2
62CAC433A7CB2E219EA86AD91BB5C80A38C:7
638A851322AEC338A85426B301EE67D9671:2
63A68C7A56E13BFE7BCDFFE6FD4AD555D62:1
63BA33E0CDC08A644DAD8E1EAA37503F6DC:3
6473077BEF11A3D73E9AA6637293697DD62:1
649CE17828A7D23C94F8954FED73E222C70:3
651C6B58F894AB2DACE81E54FE2FBD3C65D:1
656F499CB9C9504E1F9E8A4BB8141EDB239:4
6579B8BEF13B2586E31BC4D184020C4D97D:10
66273B5E8793E242C157075E6A80AE7FA47:5
663EE99825FB580C552198378E16AC30D28:1
6650D73EEBA0056CB042A68669635F5C415:2
66672A71CA478BD650D328F31F235E10AA5:2
66868BE1905E8FF34C05FF62C8B95172D21:1
66B461CB1B45212FEA5B9BE59A9633A7F1D:20
6827E76F63E69D1ABEDFB142B4280CF7758:2
68CDFCB02C8A91CE3E5D5E6F989CDA1302F:4
6943E9802B177CE5960D58DA4707B35C591:1
695D2A4A163911734D2973DCED858066BDE:1
695DF17261886DB930A39DC8172783856D0:1
6964EC0249EC769C86C6F53363B41C6BB83:24
69936B23525C36C71F24A4BC61D05CD18E5:2
69B7575A628F9D4E4D2489990E3810219C9:3
69E3A119C2227048201DA2FFA0031453D54:1
6AF2C6127862EFB43E3C43C7BCC744E10F5:1
6AFC7AA649B689D201CEEF9C69F587AFC3D:7
6BAB41A124C885CA1E8E113CC379B281FD3:62
6BB7BE39ECAD44CBEAC9C79135E4E9CB280:3
6BFABD51C2302AD8BD38E4B8709AA219D37:2
6C0130ECFDC2F3EF6BE4496082AB00185D0:1
6C657B7C30D1A506CB292F744534441A073:1
6CA8CFAB086CC6CB947B4A02F0F2B6FD9D6:1
6CD9F043C0D9BE36E95471F0D5DF7523600:3
6CF028AF1A558E60597BF51D7FAB8C0E7F0:3
6D2CCD9353C07B0AE10D7BC0B370915587D:1
6D37112E3EA567F5972481768D20ECF24EF:1
6D3B52D7B0105F3951D1BB91CB38E7356AE:1
6D63F017F900F63EB74F9804606B8CEDE9C:1
6DA343DB179F36D9E73082CEBA5F4A51B01:3
6DDA0640F725F3CE403C7C25ED1B8745FAB:4
6E8C5096EC0E20B264185B8663DBAFA6144:3
6EA4BD30EB165960E35F8B58AE4CBB2C443:1
6EEF6DBAE0A9AEA70D957455A2DE7744BBD:2
6F1BAF27788AC5C4D8E2D9711B1C670E18C:1
71B0671BFBF5B0D058717AD50150C6D43AD:2
71C3EDEAFE934CF3159DE2860D1E5ED3361:1
71F603EF53BD45222C2DFBA22933496988F:1
7265AF15E4CF9687A4B393A0DBFC0CAC0BC:5
728AA26DC1F7E72EDF6D5AF8647F0D3D06F:1
72A070B36EE0A423766D84479C129949E55:21
72ABFC26C26977EA900A76B120D03343365:1
7304A5D47390D3F0426ADA5C19F7A4F08AE:6
737B618C0155749B758D3DCCFF2E2A0A6C8:1
73E4B05505EF268CE94B9547F9BB45C0100:4
742EB9EB896A26AC659C8E666C825035415:1
74BB99433FB4EFC5C8CC9A575D015A3C46C:1
75483FE7139A7D98B50E5344EE7B5156FD9:3
75682DD61F99F924EAB6BE53954A20DB58B:2
7596E41811AE143FCA74353F692907FA066:1
75ACEDB66286FDA616BD1E6B635B14410BA:1
75DA55254CFF26BE7D1D8DF20CE07CC5BE6:3
760182E34D1C63CF75B83E82CC3F66281BB:2
762842FF56EA94EF5A333E3761544ED975F:1
766A757A84346F2F64E89DAFC5390C54A92:5
77341CB1351CBCDB34931BB2E5703495121:1
7762ADD2BBCBCEF45E90543BBCD475D3E64:1
77B6C20BD3C26A6DA532E9E4FDC25C61B34:3
77C0728C35E3C20E2BE64EB3F03D7723AFA:1
77CC986A0AE3BA051FDF9B3C5512DC1A61A:1
77E67A1BE78C1346DB530912C87897FE710:1
781439623DDC30FCB198F81A7C13EF761CE:1
792620A0260800383029A5BCFF8302B0EF3:43
7A8FCBA193D51CF3005EF2501280978DFC6:5
7CAA61D3DFE10E70C7274E61A6BFCFBF9BC:1
7CB25E2E8EFD7F0B1275BC57EB00F11D8DE:1
7D09DBF1BDE8BAD63797DD92DA901DE30FC:1
7D0C145B7A7155AE90BA3844580B7984CD6:1
7D9797C134676F2B5271C35FB404503E05D:1
7DA4EC5418B3BFD51E333DA1776745599E2:1
7DFCBF2B094E3799E25648E56350927B31B:4
7E3036795BCDC8426600BC60F3D4601796D:5
7EED8DB451CA04EBF709685A53774365729:3
7FA38E7FD90B8B41F6B701EE4418925E677:15
80031775C4C7E2C084EC1D0650AD1FDF052:4
8016498CBF5AB38CF3F920041F431F19C26:1
803443AD81BDAE53FBC18F49C35A6961990:3
8091C28BA4B4B1D04B03362AF245FB1B68C:1
80A23BD5A1F2FD9F2C7FAF0BAE6A39F73A1:1
80ACD7132E58D2E16E362D389494D7CD49F:1
80CA16B3DB7030B520F825A79EC7A0C24D0:1
80F5DCCBC757E70B6780216B607D03281D7:3
814F408F8A98CC217E27632A298C2E814A6:46
8158FCEA18C08B85173A56E39EF8CEC954D:2
819428BF73AFFE0FE68BDC0FF3DDBE61924:3
81974B17689B75705789886078167BEB264:4
81F4A3146076FE40C81FF86678FDA0974F9:1
82051B951DC4E3D0A452576063BD1076E14:1
826C2D8055A34778FC605EFFDE48FBE87AE:7
82A6032D9C7D9454B89662BF20F8F45F600:7
842FB71BE2D16FA14AA6F3455187BD5FCEB:3
84312693AA266AA7DDA0984C452E54C96D2:2
84F037A80D19B4228506AAEB87D244DDDDD:1
852583ABAAD0ECB05A1E621C10A35C5441C:1
855CEB95F0BA6C6F6FCD10AE979654EE0D8:2
85D03684CFDDD986652AE22D4DE6573D720:2
85D6DD6169F11ED9604C5EEDA25FCEE899B:1
86848A6B1F19144C404CA0488CECF6083FF:1
8798EA51CE527D412228055FC40902571BE:1
87EEF6F5999F1AABE1F2263414A69F1B8DA:23
88AED6CFCB1783480B596D3C9111635BB96:4
88DE57A7FE13619A84D3FF0D7276620B4D9:3
88DE5A9668289C9F653A252334E431BC1E4:1
8901602F749E65BE97C70F511DF891DB52D:1
8955767033A4B8749DBABBFDE0BA15CA072:2
8A9918ADE7281C76C5D0D4B120EACFFD05C:1
8AA13DCCA707B7938D9D14D5A0EE9818AD0:104
8B0A3D5A0267727039AC79A2A615D80ED2D:11
8B41A8C083C82154BD9B6924B6BC5B275DE:4
8B72FC709B01B69CF54E27725AD9DE8F0FF:9
8B822713A27B881C4F55473BD65CA49A20A:1
8BBAC71A38DADE95F7D0AA925168C370123:1
8BCF5D6D12DC7BF00C291634F943BEF1D0C:1
8CBBB87B5C6DCF36CF5E2B0361CA971DE74:1
8CCA84DBC1CCF65644E3D74173EAE98874D:5
8D3273C21C9027EFB1E02EC41BAFB2D6CBC:32
8D480435791757F354F17B9662B4B808B3C:1
8D64A7F0A5C223859785AC13898F4ADB35F:16
8DA146493A615226205AA8D47449B48B2C4:6
8DEDE356D52D3FBA4045DA300BED17C2902:1
8E037C4FBE9C697C4AA110E7F55CC6F4570:1
8E3162D6962531F2E98788C765DA17D99D3:2
8E4E18C95262EC5C6173A3E8DB4E92276BF:1
8E8A07E209626DA4CA561915D1F61D3F62D:1
8E9152CC7DE46E290CF5F6883AB8CA1AC90:1
8EF77FDFDF6CB7CA6E9BE840A0BB1263F63:2
8F1E4AA4B4BA9896B5093D43BB4DE8F393F:1
8F279B5CE9EF61910BE38F3ECE68B09005A:7
8FA84889D9CB4F4A116839D51F017FA5E74:1
8FAF160BEA8FD1FA25C88A3FD12713EB999:3
906AFF938F999E09DB124227E37EF02FFC7:1
908AEFDAD28DDD97CDE0641AA8B6BF32B41:3
912F63E2EBB2780276FB6A10786666B7E8A:4
919560B9E144BE26B85269B622F4AA21F12:1
91C272F8CA0F2C008A32FBE3007087AA493:10
921F4C71F633C424C583EA0378B27BF687C:1
926F503D49ED675C646CAF7B095F85FC828:1
9281762B104F732079C8FE42DC43F6EBB35:2
92E4C111F247D4CF37833A0EC0AC8DB6238:2
932AD9C7FE6CE7E761FF7F370BAB9279DB6:5
9341B96FD5BABB51B7E60116474FD4E4F6B:1
937AFF4F1D75A6C93B127386C69FF32788D:3
93CCD84F3CE931BCFA76990F05CF4FD2A0C:1
93F75F0FD3665427B3BF5A4EE7E8EBFE9F2:5
940CA2E379C023096AEC75B032BD01A20FE:2
94346609E34DE0642F935A227B5EE459953:1
955E5A41ABE4C2818B68644E3E4B112C2CD:5
958AE53BA8E219BEE93D6FE1A0691D6F3CB:1
96D9129626068A9E37604E5740ACDA23356:12
971DA5E4C520BDEE06EA3D7BDE27DF1722A:3
97A469DBA84B94CAB6CB71C6BE5AA0DD9FD:1
97F57F1E26336C382D2A77A22F81BA34C19:5
986713D0A9064342CA3940E621D7B05C2D7:12
987F957FA77A02EC3B5E40FA3B19D0797B8:3
98F14A4AB3A0B2017BB6AEED98C52426052:2
997CD1EDDF70BD5066B0EE504B424C4A788:1
9B122D7FE7F9A5B2835674C0DDA4716FA80:1
9B4FBF07718C8F03CEB7F86DB2BFE0EF96B:2
9BBD1DEE1582129DF148BF09DAA1039318F:1
9C4CCD82E1618EA14594D2F8322C5B4FA9F:1
9C5152B5ABE9AA7A1030CE1D6E1C68D3FDE:1
9CE8C5CCBE32417B9A5407BC72A884DB457:5
9CEB32F7090C99296E0D55E06F05C52EE0D:1
9D77B828F901482FD90166E1928499797AC:2
9D8FEEB8255C879D7EEFDEB87DC2AB5B3ED:3
9DAB91D94D377E8DA3F236604C0BE32B2EB:3
9DB39A379FFFE6253A2D2A6062FFBA522B0:3
9DC19F26935865C3434B077E125CE0CA016:3
9DD86C2826CAB9706218857326D26D88E08:45
9E24F8379DA18C237591279213982E386B0:1
9FA7DAB7F141BF87D3101FE1F20BF749F4A:3
9FF0F6DF6CF4D6D08DAD1C7CA8D944ADF76:5
A00B4AD77519BA9C1A6D06F037D28011153:1
A0591FA3F779218305D498BE32619F09286:1
A0943BBA1D332BA8CA7EFE4F22C171F91FA:11
A18041C73395C4C3D1F0E0F00AC9B9EEF4A:5
A1BBA28B9278D9F0579477D436E69B2F860:1
A1D5AFC2F5CFD089BEA877DE7E3AA08E4FD:1
A21F820DD175FFD651C2E99ABC844463565:1
A2261C8F2C57B85911ED5AA4E83FF0DF616:1
A2353CDD81E0E60D90E3CCF34F0C4B651F2:42
A2A6FA263A3671B337444662D82945E374F:1
A322074D23C33936F05FFF756D550E6046E:1
A3FE3B2E37B0644D55B54A8FB6D48D83AC9:3
A5131DA97F558E69C5DB7D6A196D4F92D9B:199
A5148A3745B3E43FFA1F2955CF62C821B5B:8
A59411B0655A7E3F00AA91701BF3E3A4293:1
A5F9353DA8AC42800090024ABA2C12512F6:1
A61E4661A5B9BD3B72C438D529DA8472C7A:5
A635E42D5D29EA928EC90F78FD059BE43A4:3
A63860776A286F60181F14BB880AD16EFA7:4
A6DCA1B3EFE72696B40E004C380847BCC54:2
A70B3CB4A31CFE73DFC3896878B13BAF30A:1
A716B804B10DA72302F1F88DF112AEA6814:1
A80C5ACE03EF154B17AD2A2D3B048CD3AC2:1
A816D0B1ADFEC7DECE9B653E1628EFF1C45:11
A8770BE5644864D4027C009203AB55DB3F6:4
A8AB2AC73FE64006A539141704B31C1C515:1
A8BD3D54F9963359968CEC082C5D929E297:2
A93DC88929367547B89999BE550CC3A94E2:24
A94229CB68ED4DE12BA5A898ACD7A5B60CC:3
A9EFB837DDD5C77C59CF22EA1529D7A03B9:26
AA7E846B572AC9D7BF49CD4730A5952957E:1
AAB23A9E09F91B04A412E90381B768843E9:1
AB1638E1109B5742314E43E905EEC4C5B28:1
AB476A5B04196B7CFC63C1590973C21C30C:1
AB98EBAF8A022DE7E5CD51DE5EB1973A7C2:4
ABB3A6EEBB9C087AEA0F3F3AD1E03CC5FB2:1
AC4A70715BD37547200E0001815831692A9:1
ACBBF6BF1FED6F9C7C6F9C8B2C68CAA38E5:3
AD77B0642AA8EE8D4DB02774CA11F56EC91:5
AD860C134F9809A1C13DDCAF99E5C7EE036:1
AD931C6E8A49D522C386845FB9A0BC4AC10:1
ADDB091C370404D100EF2050DEB4EDCD57A:18
AE0F953F2814664DE89B5C4D0E7612B7DE6:6
AE1ACCEFD4A2FB47CEA825CC67B69A14CF8:1
AEA20615E2117B2069C1BE7D245E51AE15C:3
AEC31F33D48065193D771C6F1BE19D3E1BB:2
AEEA52383493E830844EA6710C898B1460C:3
AF1EC5D68DF416480B6BEC15E376DFA9097:4
AFA2BE63A54DED3B3E04BD69316F12AF6F3:5
AFF5C7FCFB011F66DDF5E398309AC971968:6
B01C651EA8832E197D1A3513F53CA54E2AA:1
B08EF7269F0F03857AC208A59FBF7CF20BF:1
B098046BAA35851DDC0F8A1C33B925D8F46:1
B09F7A462A12C4D55363C5D4A181A943169:1
B0E64C0F798C81DA8305B827506C9BC7ECA:5
B0E6DFCD2235282B643B879808997FC6130:1
B22AE25F610F5153B496372C1299C2DE3C1:3
B26628C2F729036A22A5F356B2966023CD6:7
B26ADAB3AB5D862FF2FE97BD1117D13AA09:1
B2B31765C7540EB508314A65E7E0CB1F52E:1
B2DDE614EC0FEE4F18F880156C11AD85022:3
B32ED7894FF4F9FD275926CAC825B804D56:1
B35C73CC073D5EEF82B5C3DF88507BBCCD4:1
B398DB0764A43759597834B7D950C97F8CA:20
B3C036CB287103188828A84FA5F7F1D8E78:3
B48E6AC3AFB8F9F94E7B26A5059C69F1216:1
B51679A3D1BA756DF144B8979F0937D2AE0:1
B543D4DE240C306F3A9043B7CBEE5483C4D:1
B55073E990E231B5ABEE1AAFB166FCEB1CE:1
B5674C12FBCA4A1FECBAE65CFE8AE587A2D:1
B573CDE7E504AF21A6387A0FB885856D891:1
B5ADB5457D14E3BDB3B78D809128D50FF62:5
B6300614F5A6513CACB8427199F701D6D9C:2
B6AFB6A1D9DD99A1F49D05B9D1F1660C6D6:3
B6B93D18205E54325D28850791BD6B014B4:1
B6EAA41D8EAEC3672428F600A55AFCDF887:1
B7675E3645DAEA536277D814AC0F26A2C0C:3
B76C9155C3402E1835589AE7FD4A29924E8:2
B79AA005A24DF47E1DD75E3443B26BDCE83:1
B7CFC37369E670563B4614EEBECF088336B:1
B817CF16B9C8CAF7DE0AD7A3043FA8B5CD7:1
B835979AF18B8176C5AC2D86A93B75338F2:1
B8D126FD6D349FF1F518ED5866C69237D07:1
B8E1465D14F1C09A67186B9A575DFB314A1:1
B934D7FFFA87378A19422EC893443ED29DA:1
B957BCA46D150F28252FC7D4D147E860702:3
B9C3F5F77E2E5CB1E65C5FFE5452C4C32FD:1
B9D35216311F38EBF439FA09049CDA52E7D:1
B9E6371271A639D3DCFC9DE51C0C1EE1BD9:8
B9E93D6FB6D0EFADF1EA96D52D7E1490D3A:6
BA0105DC67DEB2BB08FC655C3D6ADBB0CF3:4
BA51F8C1DF3F59B6674311D62E5E5CE60B6:9
BA80B5F7B95CDBF2FC614BF3B7270FB097C:1
BABCB2E0125BE385B91ADE02E0B611E566A:2
BB60F6E3F3FE374F6058CFF343BE4DD5B66:1
BBE39FC21F3B71CB9E95C9D2FF65CB33422:4
BC1880D68356EEBA09E99508127A0174AAD:4
BC3C4648B98A6B4F2051467198A65E371F6:1
BC5C71CFF24D1CD2A76A82B77B7F263AF2D:3
BD62D6C7D2D903FE782AB29A8AAB2D2D2E0:2
BD666EECF8648E5781F65521D2AFDEFDB0E:1
BD8AFA878A809D40AA0F5D5F326E6C79156:1
BDC686188E633133D8E0F92800723693C75:3
BEB8F6D6E792D8E0EBA2162C09E4C731179:5
BF09D1DA603A91435D89590E86503EF4651:6
BF7C231463D4054E031B5A9C6A72B9EC7F4:51
C155FA7101CCDFEC8680F29CF7A074C49FD:1
C16C8A6A9092B6EAD03B478A68E7A49889E:1
C1C47393A34DBB31303B7E6B43108439FB6:4
C209924C76DBF8ABF39648496E330E18722:5
C24E847813976ED777FBB7CDDD4C292BB3B:5
C28E66F3B81136693BCD5BA4AAB4D6CF018:1
C2D5232670F3B3944699FD264EE01B26C49:3
C2E59454FFF7D81997029A4A5154CF1E965:2
C2EED6D50DE79C8B21438D24DDAB048F928:3
C3B429281335FC2668215285627D947DA96:3
C3DB712EC10BFB32F1FC8897E9D5EC3EEA5:39
C465F6434159891654D689CD112277533BE:2
C526E5C683FCE16C1F5477F1ECFB3CF9E1C:1
C53E03DFECAA750D023D4C90E3EE8E85FED:5
C544F0456C9AFE73D2BAE903FD49B0938FD:1
C557632F43A066FAE550ED22EFF87ABBD0E:1
C58897BC296F59B9913B90A25EF3F75966B:6
C599112AC3CFD53F2370E698AB8BDFE51BE:1
C5AEFEA3ABC1D6ECC6A3F9F77E250B0232F:3
C5E2D90AED819C5C1DF8A32197ED39782ED:1
C61133E24834746B42886BB2C90214C813B:2
C7198E05E83AEC908A728CE2C38CCCA9C83:1
C78355D7E6572D360A5B837D99CD3014422:38
C840CECE3D684B242C195A7A5CA7E174E73:1
C872567A52EAB5E3550841F302994708CD5:4
C87E937FC495E4440D844A3E814244BBB26:4
C88848A54155E67E76188AB422B745038F1:1
C91F4B698AE4976B8B546799E0593E9AFDF:6
CA495741913E153C237BE238294B28690C5:4
CACCAC40E591A679CB39664791D83E8D245:1
CB7BD3810F6434C9F202333C485FAA4A18A:2
CC4058ADC75F22FA1F9A39CA101533B5089:15
CC84E7B70439992C8D4EE6FC88009F60F61:1
CC9BC4612F3191FDDD76CAE611448A2E470:51
CCA2139EAE25DE512BD3575354C4EBAC8D4:1
CCC1EC29F533ADAAB4895A23943C54850B1:5
CD40F07ADA4DE3436BA1FD684C902FFB1FF:2
CDC15CC15C7C5107933E9005E1DFE06CB98:2
CDF108EED26C1347341EC6541DEB071719B:20
CE2EF79F1818501896A2BBB2433EA6A5774:1
CF11587EE1B7F9BD9B4DF298E4C812D1188:1
CF557695317833A56B3604FEF0403314AC8:5
CF83BA58BAD18ECD28A360BD22457B29243:4
CFA246F85D0E51C398A240FC9FC4C5484D1:3
CFA312B5DCADA230C72420A008E9D6A7F5F:3
CFAF42F31D2D85EE20E6A0D46308798B984:1
D075036092C12C68EEA5FD1F42A84C541ED:1
D07CAA67C2654E44DFC7EECEFC22C5BC8F3:1
D0A9DC6F9995EF2FF8E70A20F9CFBCB3A23:1
D0FACD81BD140EB64DA18D3306F866B279C:1
D14F31312A0AA3BBB2A8B3CCC76C25F7E8D:1
D164196379B5380F8972542F8DB4D926646:6
D1D8F83B2499A305752C566CC6C9852973A:1
D311A589B38BB0AA091BA6406F7BBFF08F7:5
D3E44BD876DF08DA08E75930D37C1682130:3
D3EEB8A195B32A18104332B53B79EDC0551:28
D3F8FFF24922BB1B51D2116DB7D54807291:1
D44B40FB89523009D27352023F9ACC2FA40:3
D4C0E309EAF9032A29F61EE3FE2BCC6C946:3
D4D18AA008FED1F337386486A5D77D339EC:2
D5384A73743CCA91487CCDA7E00389FE4F2:4
D5A649A042586360F76ECFDBEEC80EFDDAB:4
D5CC4FCAAB3C1C30509F4610504829E5E80:1
D617B69ECD68B70E9FA3B340DC54B7A13BC:1
D61AE1047636BFA06506D7D2D8FCE20758C:1
D65FDB37E040252BA70051F0242A1E25BA3:1
D6A2A47F137DB33C3BCC295D5FDD5E857B5:1
D6A6E499127F22E98AA55F174709866F1C3:1
D7288C9C454EDC062FD77FF48BBB3EA7E63:1
D770573CF02A95170D214CA65876615D7E2:15
D77BCAE41D7C6D5C5029CB5C9A0DD706B6C:2
D7DB690071702D90CDB44E44A6F8B0409E0:9
D7E10F2F0AC7AC071AF65921856ED544CC9:2
D7E209ECFBFC3BBFCEFDA0CBB8DFFF3AC0F:1
D8168E05FB10CF92CFCAF5112AACE707C88:1
D8267A5009A30ED4E16237B8DF8D49B24EB:1
D8283A71946983AAE0D4706A337D55B6D4B:1
D8354ED4D266C567A9F2FF08A18F36C62E0:1
D952A5B599A02DDCDD6307D3BDB3A906434:1
D96A3505B2DE1AA66E5CF045CEFB04BFD2A:1
D9B34309D44BF6327B6AE7D939EDB2D39E2:1
D9C4D273D8658D0A6EB90B1972E0551B25C:1
D9D5429DA18B40A02D666A183114C2F2791:3
DA34380B45338989658D2C3BA92D3ABE439:1
DA979D1E968C886A7C24715DD08A9242AF7:1
DAA53B432BB2A394F33697A7FBECBB46B7C:2
DAE3945D9CB79C0A26DF3F4B0C4F1FFE2A3:2
DB0B7D8AB7DB4CFFB6EADDBD1A8A608F627:2
DB3018893BDD405C405161D2C919563D08E:1
DB4EF8FA53C24BB6F1C6CA8475A1BC705B6:3
DB5831AFE8BB74371E330CD1D6B23BF9E29:2
DB9713337E374AA8D84240CB0A36444CDB9:1
DC0BD971176C0626F055BAE565796A87588:7
DCB27CB2C145D5AB1157A866AD23359876A:2
DCB7F954A684A2E78D7B53181B0DC918884:1
DCB8C19158127CAFC05D4EAC52E9AFC7B33:1
DCDA7939B4C0750B630040D8CDED261EF7D:2
DCF72089B34EE5A4C8C65CC6FCB2354A1A5:201
DD4397BF5C57B086C9C654B1F31BFD4240B:1
DD73A5179B9BB521ED63EEE8B0BE5CDA4F7:7
DD8800B63A9D83C4F02DAD4AAE970A486D8:8
DDD59DC5E8EC9BD2DFDEE79955F2EC8D049:5
DE0768EB810C07AE18E15D51441BDA92B9D:4
DE0DD4D1A43852126638F287C8CD65AE0A7:1
DE362A90FD20BAA38D02DCDE97D7B7C28AB:3
DE61D5A97A0996DF777001F5B8AAE1F0D3F:1
DE771663A66142739E6D24EE4412F5CEE2D:6
DE8436029CA1ACD93B3942A44AA96880075:3
DE8952B88F720FD0D7641459C304D37BB45:4
DE8EAE13DC5102F6EE8AE4D2FE0BBE7860A:3
DEB0D98D033A654F1D5DE0AC28B80B034F9:1
E09C1B76A4B2231B7498E6D7F3BBD291A83:1
E1A78C92F1529C938B603CBAF771F2C5B77:1
E222EC06C66B876A73210204562DB230D0E:2
E265C16B674E1B9F7AE7D05F06015EEAEBD:2
E34DD6FF81DAA27233AC8FCC7F87663368D:1
E3586B445EA95EAD842E9428BB9A9A37C09:23
E37C53A847FF49D6DC7B17DBC9FD269B075:7
E3C59AC22CBA370A6229148CD2A49A60DFF:4
E402CA2CE56517F43752AA3600425C31E8B:1
E408D1D4A46784C1EB4ABA2EDDA0DE64AB0:6
E4268750A442D034358186D668FFA648A8E:6
E43CD0BF9A0DC22187D042803AFF565D806:2
E455E7F377BEC85665DE8F9D407BB9E2221:1
E4DCCBAA0F4417A34B1AC8CBCE3A8FFF820:1
E4FC299C9A90B306669DEB19F09FE6D95DE:1
E50A45AF568A0D2540214D7BE9EAF380DA4:1
E5D320173F9B21E8BE849FA260A6AC77C1C:2
E5E382F70127623363F371781D0305D1C40:1
E5FA4A2262FF642911F8841F728BC3050BE:1
E65E16F21DC3897666EA99AA4A2CB4CE329:3
E67106EE5A17401BB98F7E17E2FFDB18515:2
E6B78EECCC63515178E2C095F3E877056AB:1
E6D0455B28F1D59C0EADE7810CDCD17C55D:8
E6E60CF85E4665C6FABC107BB96B6024B36:4
E730AC4F5E1D3DB906443B0B985559BE526:3
E734D6228F29D148FD0D8899700CB5B4A99:5
E75D8BDE3826FAED6CDC8D729950269762C:22
E822BF8803695D7E5B3BCE14EA0F7C018FC:4
E8416D90FA4A1C36DFC7D8A0678263D4BE0:4
E8C9380ABEEC7704B419FB1E2FDD792F0B8:3
E96C73E2C6C0D0717CD2662DAA53877ED4E:76
EA9AD177DF5A221C504598DD9E15D0EB45B:4
EB63C71154CCF92EBC6C95A9E93D3D6B425:1
EB6D5CA00BC2C79FAA2801F20C23EA39EA9:19
ECDEEE09DE00DABC48AD5E7CA7F1CE7D985:1
ED827CC4AD520D3C0B7E6932FC0906B84EC:2
EDDEE2195388BC0962294D0CAA8AA59C669:1
EE42D5E4E86E02CEAE863D4A4F0309F05DB:1
EE5FE1131E2CE75B132280E18AC5C7C829C:2
EE634BE1741B72FDA0601BCFE48CC0CD61F:2
EE8DBA45085D0BA089A6960A78804004691:7
EF0341DB69759569D0CB43D08F487ECB3EC:1
EF393C0B473282ECC26F26595E1E8DD534D:1
EF5F9BC067EE4953ACCB72387CD53374701:12
EFB33440A87D1CC88328649A91FC498FBDE:1
EFC41BBAD701F61AB4980B4C3A7F2175E45:5
EFEEE0D8399CAE727DAD27B367391184980:1
F0B9A387028CFD93DC7C56860004E2FC826:7
F0F41034832297220187B32717046E38CF0:8
F18A337F8F85CAB88FF812E5B5C12F13665:4
F1FBC5C7DD860E8B3DD7CE2255FD9D41C58:1
F240EAD32F642AD719285220B70F93012A0:4
F26856CED832BEC69EDCBB79C936EEB77E3:7
F2CAA3136C777170702EA6EF668F6CD5B8D:1
F2CF467187A7BD30F95F64A6B2775936DC7:1
F37941D474E7C830C41D94A418703578467:3
F3A63BAE9C19476203501CFF821B449963C:1
F3C2303C9054C2C83942B3E8956B660A373:4
F3E6E3744DC7625A31B7DC487D221E44470:4
F45DC92F7BD67F3221A2CFEAB9E6897A98E:1
F46AB1D6AF67DFA11A709B0CFF8BA59EAA9:1
F4AEB9B08B5043E68BA06FC73D056FA8582:1
F4E716BE36C2AFBAEBB2E45B44F97B4052E:1
F547F69075D4A3538388103A5960CE9EA01:1
F555016F402008A85F0C6DC643BF18BD3EB:8
F59F7627EAC23F4EEA18A30402EDDB99815:2
F6175BB54778220D1D41392E68F67792248:4
F6198C91FC15A6AD53A5CE4F132AF2848C1:5
F628BDE66C6DC97F1E0B594718411D4C6CD:3
F6500AB0B1A74E6D7F2F17A515882775B27:1
F67D7955484F1AA0A4842185CECE24D3412:1
F771D836EF6667DF2A5FFC9FA4F6B113280:7
F773203CF4517799B42F4B3CA19454084C4:6
F7915CBD73058B57E6BDF20BA40429E7807:1
F7A8A4B66E378164D729A58CC5486C97C65:1
F7C2D4B9D5310A96DD31DB60F8947F45F13:1
F80D8CE789BF11A4705A4812D653BAAA042:3
F874D377BE7C3913104D29589D8C1846210:4
F8A619C1F6EAF168AD35EC604A099A22B7F:1
F8ED029F91D4CE5F1B825BE9FD7C8B31B99:2
F9298AD253B7AE374C80D7BADB6E0075CC5:1
F9B858B9F90EDC21D994C368436C5B09379:2
F9BAF49923D434E6827A93DBF37390A6B4B:16
F9DF7D8B09465FE3B2B00811BB181E53A1F:11
F9F3B3CF29253A79DEC21100B861E70BC59:5
F9F703D5AF334881A961F5F6364E764604B:1
FA491E256DAF02B977FCF97758FC30E60CA:1
FAD36CFC8F4BA0004CA7EB1154315052C35:3
FAF0EFD21EF24D3A7B4DB1D0BECA4321AC6:1
FB4ADDE2BBBB748C25D0E144CA9F7B38546:3
FB7366E5495ED399563E1891F5BB296BD0E:2
FBBDE82C94C3959D4C466C6B413F0C3A084:1
FC41DFAC5F3DF1DA323630AEB9CF316C5D6:3
FC7C0F1419F9E6647CDF8BC2AD84CF8B6E8:3
FC8235249B60CE91D13CDB552B53C99C00D:1
FCE9FBB82E6672FFF305D602760F8127655:2
FD4380ACD43B4FCDE210D8AFF3B755D1E23:4
FDE5DB1DB6AC39F8B406328A6693CACD17A:3
FDF2A1CD8F9CAE2D5AB288AF6DFD5742FBF:5
FE444FB78D21F440FF181CDC2F8DCD945C0:1
FE4C84084665B6ACB2AACD018899A5197E0:2
FF83EA97D804DA87B721F7FB9C3F25787C1:2
FFAC6D47375A6B26039D083336FFFA57B43:1